@Book{xie2015,
  title     = {Dynamic Documents with {R} and knitr},
  author    = {Yihui Xie},
  publisher = {Chapman and Hall/CRC},
  address   = {Boca Raton, Florida},
  year      = {2015},
  edition   = {2nd},
  note      = {ISBN 978-1498716963},
  url       = {http://yihui.org/knitr/},
}

@book{ace_2019,
  place      ={Brussels, Belgium},
  title      ={ATM Cost-Effectiveness (ACE) 2019 Benchmarking Report with 2020-2024 outlook},
  url        ={http://www.eurocontrol.int/sites/default/files/publication/files/final-ace-2019-benchmarking-report.pdf},
  institution={EUROCONTROL/PRU},
  author     ={{Performance Review Unit}},
  year       ={2019},
  month      ={May},
  pages      ={222}
}
